<?xml version="1.0" encoding="UTF-8"?><collection xmlns="http://www.loc.gov/MARC21/slim"><record><leader>00596nam--2200181-i-4500</leader><controlfield tag="001">000000255</controlfield><controlfield tag="002">20161230</controlfield><controlfield tag="005">20161230201023</controlfield><controlfield tag="008">060222s1000------------r-----000-0-ger-d</controlfield><datafield ind1=" " ind2=" " tag="040"><subfield code="a">IFIN-HH</subfield></datafield><datafield ind1=" " ind2=" " tag="041"><subfield code="a">ger</subfield></datafield><datafield ind1=" " ind2=" " tag="080"><subfield code="a">539.12.04</subfield></datafield><datafield ind1="1" ind2=" " tag="100"><subfield code="a">Fritz-niggli, H</subfield></datafield><datafield ind1="1" ind2="0" tag="245"><subfield code="a">Strahlenwirkung und milieu (radiation effect and milieu)</subfield><subfield code="b">Internationales radiobiologisches symposion in montreux von 28 mai bis 3 juni 1961</subfield><subfield code="c">H. fritz-niggli</subfield></datafield><datafield ind1=" " ind2=" " tag="260"><subfield code="a">Munchen</subfield><subfield code="b">Verlag V.Urban &amp; Schwarzenberg</subfield><subfield code="c">1962</subfield></datafield><datafield ind1=" " ind2=" " tag="300"><subfield code="a">VI + 333 P. + 124 FIG</subfield></datafield><datafield ind1=" " ind2=" " tag="852"><subfield code="a">18536</subfield><subfield code="c">539.12.04</subfield></datafield><datafield ind1=" " ind2=" " tag="CAT"><subfield code="a">Sys</subfield><subfield code="c">20120203</subfield><subfield code="h">135106</subfield></datafield></record></collection>